<record xmlns='http://www.loc.gov/MARC21/slim'><leader>02265cam a2200361 a 4500</leader><controlfield tag='001'>4864988</controlfield><controlfield tag='005'>20100604100632.0</controlfield><controlfield tag='008'>091203s2009    nyuab    b   i000 0 eng d</controlfield><datafield ind1='1' ind2=' ' tag='019'><subfield code='a'>45329520</subfield></datafield><datafield ind1=' ' ind2=' ' tag='020'><subfield code='a'>9789211127805 (pbk.)</subfield></datafield><datafield ind1=' ' ind2=' ' tag='020'><subfield code='a'>9211127807 (pbk.)</subfield></datafield><datafield ind1=' ' ind2=' ' tag='035'><subfield code='a'>(OCoLC)472433396</subfield></datafield><datafield ind1=' ' ind2=' ' tag='040'><subfield code='a'>OSU</subfield><subfield code='b'>eng</subfield><subfield code='d'>VSL</subfield><subfield code='d'>VSL</subfield><subfield code='d'>ANL</subfield></datafield><datafield ind1='0' ind2='4' tag='082'><subfield code='a'>332.673209478</subfield><subfield code='2'>22</subfield></datafield><datafield ind1='0' ind2='0' tag='245'><subfield code='a'>Investment policy review.</subfield><subfield code='p'>Republic of Belarus /</subfield><subfield code='c'>United Nations Conference on Trade and Development.</subfield></datafield><datafield ind1='3' ind2='0' tag='246'><subfield code='a'>Republic of Belarus</subfield></datafield><datafield ind1='1' ind2='4' tag='246'><subfield code='a'>Investment policy review : Belarus</subfield></datafield><datafield ind1='3' ind2='7' tag='246'><subfield code='a'>Investment policy review of the Republic of Belarus</subfield></datafield><datafield ind1=' ' ind2=' ' tag='260'><subfield code='a'>New York :</subfield><subfield code='b'>United Nations,</subfield><subfield code='c'>2009.</subfield></datafield><datafield ind1=' ' ind2=' ' tag='300'><subfield code='a'>xi, 111 p. :</subfield><subfield code='b'>col. ill., 1 map ;</subfield><subfield code='c'>30 cm.</subfield></datafield><datafield ind1='1' ind2=' ' tag='490'><subfield code='a'>Investment policy review;</subfield><subfield code='v'>[26]</subfield></datafield><datafield ind1=' ' ind2=' ' tag='500'><subfield code='a'>&quot;United Nations publication, Sales No. E.09.11.D.19&quot;.</subfield></datafield><datafield ind1=' ' ind2=' ' tag='504'><subfield code='a'>Includes bibliographical references (p. 96-98).</subfield></datafield><datafield ind1='1' ind2=' ' tag='505'><subfield code='a'>FDI trends and performance -- The investment framework -- The role of FDI for SME development -- Conclusion and recommendations.</subfield></datafield><datafield ind1=' ' ind2=' ' tag='520'><subfield code='a'>The review finds that the reforms are heading in the right direction to deliver a more transparent, predictable and competitive business environment - indispensable for attracting high-quality investors.   Nonetheless, it identifies a number of areas where further regulatory and administrative reforms are needed to enhance Belarus&apos; competitiveness and increase its attractiveness as an investment location.   These include a fair pricing mechanism, an effective land titling system, a competitive fiscal regime, and non-discrimination in the access to raw materials and industrial inputs.  As requested by the Belarusian authorities, the IPR also outlines the key elements of a strategy to support small and medium enterprise (SME) development through FDI [foreign direct investment].</subfield></datafield><datafield ind1=' ' ind2=' ' tag='530'><subfield code='a'>Also available online.</subfield></datafield><datafield ind1=' ' ind2='0' tag='650'><subfield code='a'>Investments, Foreign</subfield><subfield code='z'>Belarus.</subfield></datafield><datafield ind1=' ' ind2='0' tag='651'><subfield code='a'>Belarus</subfield><subfield code='x'>Economic policy.</subfield></datafield><datafield ind1=' ' ind2='0' tag='651'><subfield code='a'>Belarus</subfield><subfield code='x'>Commercial policy.</subfield></datafield><datafield ind1='2' ind2=' ' tag='710'><subfield code='a'>United Nations.</subfield></datafield><datafield ind1='2' ind2=' ' tag='710'><subfield code='a'>United Nations Conference on Trade and Development.</subfield></datafield><datafield ind1=' ' ind2='0' tag='830'><subfield code='a'>Investment policy review series;</subfield><subfield code='v'>[26]</subfield></datafield><datafield ind1='4' ind2='1' tag='856'><subfield code='u'>hhttp://www.unctad.org/en/docs/diaepcb200910_en.pdf</subfield><subfield code='z'>Connect to online resource</subfield></datafield></record>